@inproceedings{zhang2015robust,
  title={Robust sound event recognition using convolutional neural networks},
  author={Zhang, Haomin and McLoughlin, Ian and Song, Yan},
  booktitle={2015 IEEE international conference on acoustics, speech and signal processing (ICASSP)},
  pages={559--563},
  year={2015},
  organization={IEEE}
}
@article{abdel2014convolutional,
  title={Convolutional neural networks for speech recognition},
  author={Abdel-Hamid, Ossama and Mohamed, Abdel-rahman and Jiang, Hui and Deng, Li and Penn, Gerald and Yu, Dong},
  journal={IEEE/ACM Transactions on audio, speech, and language processing},
  volume={22},
  number={10},
  pages={1533--1545},
  year={2014},
  publisher={IEEE}
}
@article{alam2020survey,
  title={Survey on deep neural networks in speech and vision systems},
  author={Alam, Mahbubul and Samad, Manar D and Vidyaratne, Lasitha and Glandon, Alexander and Iftekharuddin, Khan M},
  journal={Neurocomputing},
  volume={417},
  pages={302--321},
  year={2020},
  publisher={Elsevier}
}

@inproceedings{chen2014small,
  title={Small-footprint keyword spotting using deep neural networks},
  author={Chen, Guoguo and Parada, Carolina and Heigold, Georg},
  booktitle={2014 IEEE International Conference on Acoustics, Speech and Signal Processing (ICASSP)},
  pages={4087--4091},
  year={2014},
  organization={IEEE}
}
@inproceedings{sainath2015convolutional,
  title={Convolutional neural networks for small-footprint keyword spotting},
  author={Sainath, Tara N and Parada, Carolina},
  booktitle={Sixteenth Annual Conference of the International Speech Communication Association},
  year={2015}
}

@article{hinton2012deep,
  title={Deep neural networks for acoustic modeling in speech recognition: The shared views of four research groups},
  author={Hinton, Geoffrey and Deng, Li and Yu, Dong and Dahl, George E and Mohamed, Abdel-rahman and Jaitly, Navdeep and Senior, Andrew and Vanhoucke, Vincent and Nguyen, Patrick and Sainath, Tara N and others},
  journal={IEEE Signal processing magazine},
  volume={29},
  number={6},
  pages={82--97},
  year={2012},
  publisher={IEEE}
}
@inproceedings{sainath2013deep,
  title={Deep convolutional neural networks for LVCSR},
  author={Sainath, Tara N and Mohamed, Abdel-rahman and Kingsbury, Brian and Ramabhadran, Bhuvana},
  booktitle={2013 IEEE international conference on acoustics, speech and signal processing},
  pages={8614--8618},
  year={2013},
  organization={IEEE}
}
@inproceedings{mcgraw2016personalized,
  title={Personalized speech recognition on mobile devices},
  author={McGraw, Ian and Prabhavalkar, Rohit and Alvarez, Raziel and Arenas, Montse Gonzalez and Rao, Kanishka and Rybach, David and Alsharif, Ouais and Sak, Ha{\c{s}}im and Gruenstein, Alexander and Beaufays, Fran{\c{c}}oise and others},
  booktitle={2016 IEEE International Conference on Acoustics, Speech and Signal Processing (ICASSP)},
  pages={5955--5959},
  year={2016},
  organization={IEEE}
}
@book{yu2014automatic,
  title={Automatic Speech Recognition: A Deep Learning Approach},
  author={Yu, Dong and Deng, Li},
  year={2014},
  publisher={Springer}
}

@inproceedings{tang2018deep,
  title={Deep residual learning for small-footprint keyword spotting},
  author={Tang, Raphael and Lin, Jimmy},
  booktitle={2018 IEEE International Conference on Acoustics, Speech and Signal Processing (ICASSP)},
  pages={5484--5488},
  year={2018},
  organization={IEEE}
}

@article{warden2018speech,
  title={Speech commands: A dataset for limited-vocabulary speech recognition},
  author={Warden, Pete},
  journal={arXiv preprint arXiv:1804.03209},
  year={2018}
}

@article{davis1980comparison,
  title={Comparison of parametric representations for monosyllabic word recognition in continuously spoken sentences},
  author={Davis, Steven and Mermelstein, Paul},
  journal={IEEE transactions on acoustics, speech, and signal processing},
  volume={28},
  number={4},
  pages={357--366},
  year={1980},
  publisher={IEEE}
}
